<collection xmlns="http://www.loc.gov/MARC21/slim">
<record>
  <leader>01952nam0a2200313 i 450 </leader>
  <controlfield tag="001">IT\ICCU\CNCE\059346</controlfield>
  <controlfield tag="005">20130619000000.0</controlfield>
  <datafield tag="012" ind1=" " ind2=" ">
    <subfield code="a">ama- 4438 lim. bedi (3) 1576 (A)</subfield>
    <subfield code="2">fei</subfield>
  </datafield>
  <datafield tag="100" ind1=" " ind2=" ">
    <subfield code="a">20041006d1576        0itac0103    ba</subfield>
  </datafield>
  <datafield tag="101" ind1=" " ind2=" ">
    <subfield code="a">LAT</subfield>
  </datafield>
  <datafield tag="102" ind1=" " ind2=" ">
    <subfield code="a">IT</subfield>
  </datafield>
  <datafield tag="200" ind1="1" ind2=" ">
    <subfield code="a">℗Marcii Antonii Passeri, cognomento Genuae, Patauini philosophi, sua tempestate facile principis, et in Academia Patauina philosophiae publici professoris ℗In tres libros Aristo. de anima exactissimi commentarij Iacobi Pratellii Monteflorensis medici, &amp; Ioannis Caroli Saraceni diligentia recogniti, et repurgati. Necnon locupletissimo indice, propter maiorem legentium facilitatem, vtilitatemque, ab eodem Ioanne Carolo Saraceno amplificati</subfield>
  </datafield>
  <datafield tag="210" ind1=" " ind2=" ">
    <subfield code="a">Venetijs</subfield>
    <subfield code="c">apud Gratiosum Perchacinum &amp; socios</subfield>
    <subfield code="d">1576</subfield>
  </datafield>
  <datafield tag="215" ind1=" " ind2=" ">
    <subfield code="a">\28!, 202 c.</subfield>
    <subfield code="d">4ʻ</subfield>
  </datafield>
  <datafield tag="620" ind1=" " ind2=" ">
    <subfield code="a">IT</subfield>
    <subfield code="d">Venezia</subfield>
  </datafield>
  <datafield tag="700" ind1=" " ind2="1">
    <subfield code="a">Passeri,</subfield>
    <subfield code="b">Marco Antonio</subfield>
    <subfield code="3">IT\ICCU\CNCA\005955</subfield>
  </datafield>
  <datafield tag="702" ind1=" " ind2="1">
    <subfield code="a">Saraceni,</subfield>
    <subfield code="b">Giovanni Carlo</subfield>
    <subfield code="3">IT\ICCU\CNCA\001176</subfield>
  </datafield>
  <datafield tag="702" ind1=" " ind2="1">
    <subfield code="a">Pratello,</subfield>
    <subfield code="b">Giacomo</subfield>
    <subfield code="3">IT\ICCU\CNCA\005668</subfield>
  </datafield>
  <datafield tag="712" ind1="0" ind2="0">
    <subfield code="a">Percacino, Grazioso &amp; C.</subfield>
    <subfield code="3">IT\ICCU\CNCT\004036</subfield>
    <subfield code="4">650</subfield>
  </datafield>
  <datafield tag="790" ind1=" " ind2="1">
    <subfield code="a">Passero,</subfield>
    <subfield code="b">Marco Antonio</subfield>
    <subfield code="3">IT\ICCU\CNCA\005957</subfield>
    <subfield code="z">Passeri, Marco Antonio</subfield>
  </datafield>
  <datafield tag="790" ind1=" " ind2="1">
    <subfield code="a">Genua,</subfield>
    <subfield code="b">Marcantonio</subfield>
    <subfield code="3">IT\ICCU\CNCA\020406</subfield>
    <subfield code="z">Passeri, Marco Antonio</subfield>
  </datafield>
  <datafield tag="790" ind1=" " ind2="1">
    <subfield code="a">Genova de&apos; Passeri,</subfield>
    <subfield code="b">Marcantonio</subfield>
    <subfield code="3">IT\ICCU\CNCA\026868</subfield>
    <subfield code="z">Passeri, Marco Antonio</subfield>
  </datafield>
  <datafield tag="790" ind1=" " ind2="1">
    <subfield code="a">Saracenus,</subfield>
    <subfield code="b">Ioannes Carolus</subfield>
    <subfield code="3">IT\ICCU\CNCA\015129</subfield>
    <subfield code="z">Saraceni, Giovanni Carlo</subfield>
  </datafield>
  <datafield tag="790" ind1=" " ind2="1">
    <subfield code="a">Saraceni,</subfield>
    <subfield code="b">Gian Carlo</subfield>
    <subfield code="3">IT\ICCU\CNCA\015130</subfield>
    <subfield code="z">Saraceni, Giovanni Carlo</subfield>
  </datafield>
  <datafield tag="790" ind1=" " ind2="1">
    <subfield code="a">Pratellius,</subfield>
    <subfield code="b">Iacobus</subfield>
    <subfield code="3">IT\ICCU\CNCA\023241</subfield>
    <subfield code="z">Pratello, Giacomo</subfield>
  </datafield>
  <datafield tag="801" ind1=" " ind2="3">
    <subfield code="a">IT</subfield>
    <subfield code="b">ICCU</subfield>
    <subfield code="c">20201115</subfield>
  </datafield>
  <datafield tag="899" ind1=" " ind2=" ">
    <subfield code="a">Biblioteca civica Berio. Genova</subfield>
    <subfield code="1">GE0036</subfield>
    <subfield code="2">SGE BE</subfield>
  </datafield>
  <datafield tag="911" ind1=" " ind2=" ">
    <subfield code="a">Sul front.</subfield>
    <subfield code="9">IT\ICCU\CNCM\000267</subfield>
  </datafield>
  <datafield tag="921" ind1=" " ind2=" ">
    <subfield code="a">IT\ICCU\CNCM\000267</subfield>
    <subfield code="b">Serpente alato attorcigliato a un bastone. Intorno quattro oranti. In cornice figurata</subfield>
    <subfield code="e">Salus vitae.</subfield>
    <subfield code="c">V428</subfield>
    <subfield code="c">Z1046</subfield>
    <subfield code="d">Dimensioni: 7,6 x 10</subfield>
    <subfield code="f">BASTONE</subfield>
    <subfield code="f">ORANTI</subfield>
    <subfield code="f">SALUSVITAE</subfield>
    <subfield code="f">SERPENTE</subfield>
    <subfield code="g">1571-1590</subfield>
  </datafield>
</record>
</collection>
